<?xml version="1.0" encoding="UTF-8"?><collection xmlns="http://www.loc.gov/MARC21/slim"><record><leader>00545nam--2200145-i-4500</leader><controlfield tag="001">000042998</controlfield><controlfield tag="002">20161230</controlfield><controlfield tag="005">20161230201043</controlfield><controlfield tag="008">060222s1000------------r-----000-0-eng-d</controlfield><datafield ind1=" " ind2=" " tag="080"><subfield code="a">338.98</subfield></datafield><datafield ind1=" " ind2=" " tag="100"><subfield code="a">Stojanovic,Radmilla, Cobeljic,Nikola</subfield></datafield><datafield ind1=" " ind2=" " tag="245"><subfield code="a">Traits specifiques de l`etape intermediaire dans le processsus de l`industrialisation socialiste</subfield></datafield><datafield ind1=" " ind2=" " tag="260"><subfield code="a">Plovdiv, Acad.Bulgare Des Sc.,1964.29 P</subfield></datafield><datafield ind1=" " ind2=" " tag="490"><subfield code="a">Conf.Sc.Regionale Sur Les Problemes Du Developpment Economique Des Pays Socialistes Europenens. 30 Nov-6dec.1964</subfield></datafield><datafield ind1=" " ind2=" " tag="852"><subfield code="a">22894</subfield></datafield></record></collection>